@article{cimattietal,
author = {Cimatti, Alessandro and Pistore, Marco and Roveri, Marco and Traverso, Paolo},
year = {2001},
month = {08},
pages = {},
title = {Weak, Strong, and Strong Cyclic Planning via Symbolic Model Checking},
volume = {147},
journal = {Artificial Intelligence},
doi = {10.1016/S0004-3702(02)00374-0}
}

@inproceedings{bolander2018better,
  title={Better eager than lazy? How agent types impact the successfulness of implicit coordination},
  author={Bolander, Thomas and Engesser, Thorsten and Mattm{\"u}ller, Robert and Nebel, Bernhard},
  booktitle={Sixteenth International Conference on Principles of Knowledge Representation and Reasoning},
  year={2018}
}

@book{Ditmarsch2007,
 author = {Ditmarsch, Hans van and van der Hoek, Wiebe and Kooi, Barteld},
 title = {Dynamic Epistemic Logic},
 year = {2007},
 isbn = {1402058381, 9781402058387},
 edition = {1st},
 publisher = {Springer Publishing Company, Incorporated},
}

@article{bolander2017gentle,
  title={A gentle introduction to epistemic planning: The DEL approach},
  author={Bolander, Thomas},
  journal={arXiv preprint arXiv:1703.02192},
  year={2017}
}

@inproceedings{plaza1989logics,
  title={Logics of public announcements},
  author={Plaza, Jan},
  booktitle={Proceedings 4th International Symposium on Methodologies for Intelligent Systems},
  year={1989}
}

@article{ray2012execution,
  title={Execution analysis of load balancing algorithms in cloud computing environment},
  author={Ray, Soumya and De Sarkar, Ajanta},
  journal={International Journal on Cloud Computing: Services and Architecture (IJCCSA)},
  volume={2},
  number={5},
  pages={1--13},
  year={2012}
}

@inproceedings{makki1992token,
  title={A token based distributed k mutual exclusion algorithm},
  author={Makki, Kia and Banta, Paul and Been, Ken and Pissinou, Niki and Park, EK},
  booktitle={[1992] Proceedings of the Fourth IEEE Symposium on Parallel and Distributed Processing},
  pages={408--411},
  year={1992},
  organization={IEEE}
}
